% This is annote.bib
%%%%%%%%%%%%%%%%%%%%%%%%%%%%%%%%%%%%%%%%%%%%%%%%%%%%%%%%%%%%%%%%%%%%%%%%%%%%%%%%%%%%%%%%%

@book{Renardy,
    Author = {M. Renardy and R. C. Rogers},
    Edition = {Second},
    Publisher = {Springer},
    Title = {An Introduction to Partial Differential Equations},
    Year = {2004}}

@online{tcp_ip_sockets_pratice,
  title = {Tcp/ip sockets in C},
  author = {{Michael J. Donahoo and Kenneth L. Calvert}}
  
}

@online{def_protocol_app,
  title = {Internet des Objets : Quels protocoles applicatifs utiliser ?},
  author = {Yassir Sennoun}
  
}

@online{Linux_TCP/IP_Stack,
  author = {{Thomas Herbert}},
  title = {The Linux TCP/IP Stack: Networking for Embedded Systems},
}

@article{dev_system_linux,
  author = {{Christophe Blaess}},
  title = {Developpemment systeme sous LINUX},
   journal =      "Developpement",
  year =         {},
  volume =    {},
  number =    {},
  month =     {},
  pages =     {763-821},
  note =      {},
  annote =    {},
}

@article{linux_prog_interface,
  author = {{Michael Kerrisk}},
  title = {The linux programming interface},
   journal =  "Programming",
  year =         {},
  volume =    {},
  number =    {},
  month =     {},
  pages =     {1149-1287},
  note =      {},
  annote =    {},
}

@manual{ip_man,
 title = "ip(7) Linux User's Manual",
 key= "1",
}
@manual{socket_man,
 title = "socket(2) Linux User's Manual",
 key= "2",
}
@manual{memset_man,
 title = "memset(2) Linux User's Manual",
 key= "3",
}
@manual{bind_man,
 title = "bind Linux User's Manual",
 key= "4",
}
@manual{listen_man,
 title = "listen(2) Linux User's Manual",
 key= "5",
}
@manual{getuid_man,
 title = "getuid(2) Linux User's Manual",
 key= "10",
}

@manual{INET_PTON_man,
 title = "INET_PTON(3) Linux User's Manual",
 key= "6",
}

@manual{getnameinfo_man,
 title = "getnameinfo(3) Linux User's Manual",
 key= "11",
}

@manual{recv_man,
 title = "recv Linux User's Manual",
 key= "7",
}

@manual{accept_man,
 title = "accept Linux User's Manual",
 key= "8",
}

@manual{close_man,
 title = "close(2) Linux User's Manual",
 key= "9",
}

@manual{signal_man,
 title = "signal Linux User's Manual",
 key= "14",
}

@manual{send_man,
 title = "send Linux User's Manual",
 key= "12",
}

@manual{connect_man,
 title = "connect Linux User's Manual",
 key= "13",
}